@book{goossens93,
    author    = "Various Authors",
    title     = "Artificial Neural Networks - Architectures and Applications",
    year      = "January 16, 2013",
    publisher = "InTech"
}

@misc{Xmisc,
    author    = "Andrej Karpathy",
    title     = "Convolutional Neural Networks for Visual Recognition",
    howpublished = {\url{http://cs231n.github.io/}}
}

@article{hochreiter1997long,
  title={Long short-term memory},
  author={Hochreiter, Sepp and Schmidhuber, J{\"u}rgen},
  journal={Neural computation},
  volume={9},
  number={8},
  pages={1735--1780},
  year={1997},
  publisher={MIT Press}
}

@article{weston2014memory,
  title={Memory networks},
  author={Weston, Jason and Chopra, Sumit and Bordes, Antoine},
  journal={arXiv preprint arXiv:1410.3916},
  year={2014}
}

@inproceedings{riedmiller1993direct,
  title={A direct adaptive method for faster backpropagation learning: The RPROP algorithm},
  author={Riedmiller, Martin and Braun, Heinrich},
  booktitle={Neural Networks, 1993., IEEE International Conference on},
  pages={586--591},
  year={1993},
  organization={IEEE}
}

@article{wolfe1969convergence,
  title={Convergence conditions for ascent methods},
  author={Wolfe, Philip},
  journal={SIAM review},
  volume={11},
  number={2},
  pages={226--235},
  year={1969},
  publisher={SIAM}
}

@incollection{bottou2012stochastic,
  title={Stochastic gradient descent tricks},
  author={Bottou, L{\'e}on},
  booktitle={Neural networks: Tricks of the trade},
  pages={421--436},
  year={2012},
  publisher={Springer}
}

@article{duchi2011adaptive,
  title={Adaptive subgradient methods for online learning and stochastic optimization},
  author={Duchi, John and Hazan, Elad and Singer, Yoram},
  journal={Journal of Machine Learning Research},
  volume={12},
  number={Jul},
  pages={2121--2159},
  year={2011}
}

@article{kingma2014adam,
  title={Adam: A method for stochastic optimization},
  author={Kingma, Diederik and Ba, Jimmy},
  journal={arXiv preprint arXiv:1412.6980},
  year={2014}
}

@article{zeiler2012adadelta,
  title={ADADELTA: an adaptive learning rate method},
  author={Zeiler, Matthew D},
  journal={arXiv preprint arXiv:1212.5701},
  year={2012}
}

@article{sutskever2013importance,
  title={On the importance of initialization and momentum in deep learning.},
  author={Sutskever, Ilya and Martens, James and Dahl, George E and Hinton, Geoffrey E},
  journal={ICML (3)},
  volume={28},
  pages={1139--1147},
  year={2013}
}

@article{tieleman2012lecture,
  title={Lecture 6.5-rmsprop: Divide the gradient by a running average of its recent magnitude},
  author={Tieleman, Tijmen and Hinton, Geoffrey},
  journal={COURSERA: Neural networks for machine learning},
  volume={4},
  number={2},
  year={2012}
}

@article{pearlmutter1994fast,
  title={Fast exact multiplication by the Hessian},
  author={Pearlmutter, Barak A},
  journal={Neural computation},
  volume={6},
  number={1},
  pages={147--160},
  year={1994},
  publisher={MIT Press}
}

@inproceedings{martens2010deep,
  title={Deep learning via Hessian-free optimization},
  author={Martens, James},
  booktitle={Proceedings of the 27th International Conference on Machine Learning (ICML-10)},
  pages={735--742},
  year={2010}
}

@article{roger1987practical,
  title={Practical methods of optimization},
  author={Roger, Fletcher},
  journal={Constrained Optimization},
  volume={2},
  year={1987}
}

@inproceedings{krizhevsky2012imagenet,
  title={Imagenet classification with deep convolutional neural networks},
  author={Krizhevsky, Alex and Sutskever, Ilya and Hinton, Geoffrey E},
  booktitle={Advances in neural information processing systems},
  pages={1097--1105},
  year={2012}
}

@article{arcoverde2014enhanced,
  title={Enhanced real-time head pose estimation system for mobile device},
  author={Arcoverde Neto, Euclides N and Duarte, Rafael M and Barreto, Rafael M and Magalh{\~a}es, Jo{\~a}o Paulo and Bastos, Carlos and Ren, Tsang Ing and Cavalcanti, George DC},
  journal={Integrated Computer-Aided Engineering},
  volume={21},
  number={3},
  pages={281--293},
  year={2014},
  publisher={IOS Press}
}

@inproceedings{he2015deep,
  title={Deep residual learning for image recognition. Computer Vision and Pattern Recognition (CVPR)},
  author={He, K and Zhang, X and Ren, S and Sun, J},
  booktitle={2016 IEEE Conference on},
  volume={5},
  pages={6},
  year={2015}
}

@misc{szegedy2014going,
  title={Going deeper with convolutions. CoRR abs/1409.4842 (2014)},
  author={Szegedy, Christian and Liu, Wei and Jia, Yangqing and Sermanet, Pierre and Reed, Scott and Anguelov, Dragomir and Erhan, Dumitru and Vanhoucke, Vincent and Rabinovich, Andrew},
  year={2014}
}

@article{ioffe2015batch,
  title={Batch normalization: Accelerating deep network training by reducing internal covariate shift},
  author={Ioffe, Sergey and Szegedy, Christian},
  journal={arXiv preprint arXiv:1502.03167},
  year={2015}
}